<record><leader>00000cas a2200000 a 4500</leader><controlfield tag="001">12378752</controlfield><controlfield tag="008">850813d18991908ksuwr ne      0    0eng d</controlfield><datafield ind1=" " ind2=" " tag="010"><subfield code="a">sn 85029670 </subfield></datafield><datafield ind1=" " ind2=" " tag="040"><subfield code="a">KSH</subfield><subfield code="b">eng</subfield><subfield code="c">KSH</subfield><subfield code="d">NPT</subfield><subfield code="d">OCL</subfield><subfield code="d">OCLCQ</subfield></datafield><datafield ind1=" " ind2=" " tag="042"><subfield code="a">msc</subfield></datafield><datafield ind1="0" ind2=" " tag="130"><subfield code="a">Phillipsburg news (Phillipsburg, Kan. : 1899)</subfield></datafield><datafield ind1="1" ind2="0" tag="245"><subfield code="a">Phillipsburg news.</subfield></datafield><datafield ind1=" " ind2=" " tag="260"><subfield code="a">Phillipsburg, Kan. :</subfield><subfield code="b">Warren White,</subfield><subfield code="c">1899-1908.</subfield></datafield><datafield ind1=" " ind2=" " tag="300"><subfield code="a">10 v. :</subfield><subfield code="b">ill. ;</subfield><subfield code="c">60 cm.</subfield></datafield><datafield ind1=" " ind2=" " tag="310"><subfield code="a">Weekly</subfield></datafield><datafield ind1="0" ind2=" " tag="362"><subfield code="a">Vol. 1, no. 1 (May 31, 1899)-v. 10, no. 25 (Nov. 12, 1908).</subfield></datafield><datafield ind1=" " ind2=" " tag="500"><subfield code="a">"Republican."</subfield></datafield><datafield ind1=" " ind2=" " tag="752"><subfield code="a">United States</subfield><subfield code="b">Kansas</subfield><subfield code="c">Phillips</subfield><subfield code="d">Phillipsburg.</subfield></datafield><datafield ind1="0" ind2="7" tag="785"><subfield code="t">Phillipsburg dispatch (Phillipsburg, Kan. : 1905)</subfield><subfield code="w">(DLC)sn 85029691</subfield></datafield><datafield ind1="0" ind2="7" tag="785"><subfield code="t">Phillipsburg news-dispatch</subfield><subfield code="w">(DLC)sn 85029669</subfield></datafield></record>